@article{imhoff2004spaghetti,
  title={The spaghetti syndrome revisited},
  author={Imhoff, Michael},
  journal={Anesthesia \& Analgesia},
  volume={98},
  number={3},
  pages={566--568},
  year={2004},
  publisher={LWW}
}

@article{anaesthesiaguide,
	title={Guidelines on Monitoring During Anaesthesia HOW SHOULD I CITE THISSSSSSSSSSSSSSSSSSSSSSSSSSSSSSSSSSSSSSSSSSSSSSSSSS},
	author={Australian and New Zealand College of Anaesthetists (ANZCA)},
	journal={Australian and New Zealand College of Anaesthetists (ANZCA)},
	volume={PS18},
	year={2016},
}

@book{sohraby2007wireless,
	title={Wireless sensor networks: technology, protocols, and applications},
	author={Sohraby, Kazem and Minoli, Daniel and Znati, Taieb},
	year={2007},
	publisher={John Wiley \& Sons}
}

@article{cesarano1979spaghetti,
	title={The Spaghetti Syndrome. A new clinical entity.},
	author={Cesarano, FL and Piergeorge, AR},
	journal={Critical care medicine},
	volume={7},
	number={4},
	pages={182--183},
	year={1979}
}

@article{rosenthal2003new,
	title={New frequencies, new monitoring Technology},
	author={Rosenthal, Kelli},
	journal={Nursing management},
	volume={34},
	number={3},
	pages={49--51},
	year={2003},
	publisher={LWW}
}

@article{goldman1976principles,
	title={Principles of clinical electrocardiography},
	author={Goldman, Mervin and others},
	year={1976},
	publisher={Los Altes: Lange,, 1976}
}

@article{kershaw2002wireless,
	title={Wireless networking reshapes the face of patient monitoring systems},
	author={Kershaw, Erik},
	journal={Biomedical instrumentation \& technology},
	volume={36},
	number={3},
	pages={201--202},
	year={2002}
}

@article{noble1990electrocardiography,
	title={Electrocardiography},
	author={Noble, R Joe and Hillis, J Stanley and Rothbaum, Donald A},
	year={1990},
	publisher={Butterworths}
}

@book{ashley2004conquering,
	title={Conquering the ECG},
	author={Ashley, Euan A and Niebauer, Josef},
	year={2004},
	publisher={Remedica}
}

@book{hall2015guyton,
	title={Guyton and Hall textbook of medical physiology},
	author={Hall, John E},
	year={2015},
	publisher={Elsevier Health Sciences}
}

@misc{psotutorial,
	author = {Electronics Tutorials},
	title = {The RC Oscillator Circuit},
	year = 2014,
	howpublished = {\url{http://www.electronics-tutorials.ws/oscillator/rc_oscillator.html}}, 
	note = {Accessed: 2016-8-27}
}

@misc{ad8232,
	author = {CaseyTheRobot, SparkFun Electronics (R)},
	title = {AD8232 Heart Rate Monitor Hookup Guide},
	year = 2014,
	howpublished = {\url{https://learn.sparkfun.com/tutorials/ad8232-heart-rate-monitor-hookup-guide}}, 
	note = {Accessed: 2016-9-12}
}

@misc{ad8232analogdevices,
	author = {Analog Devices, Inc.},
	title = {AD8232 Single-Lead Heart Rate Monitor Analog Front End},
	howpublished = {\url{http://www.analog.com/en/products/application-specific/medical/ecg/ad8232.html}}, 
	note = {Accessed: 2016-9-13}
}

@misc{ad8232evalzuserguide,
	author = {Analog Devices, Inc.},
	title = {AD8232-EVALZ User Guide UG-514},
	howpublished = {\url{http://www.analog.com/media/en/technical-documentation/user-guides/AD8232-EVALZ_UG-514.pdf}}, 
	note = {Accessed: 2016-9-13}
}

@misc{ad8232datasheet,
	author = {Analog Devices, Inc.},
	title = {AD8232 Datasheet: Single-Lead, Heart Rate Monitor Front End},
	howpublished = {\url{http://www.analog.com/media/en/technical-documentation/data-sheets/AD8232.pdf}}, 
	note = {Accessed: 2016-9-13}
}

@article{strohmenger1997analysis,
	title={Analysis of the ventricular fibrillation ECG signal amplitude and frequency parameters as predictors of countershock success in humans},
	author={Strohmenger, Hans-Ulrich and Lindner, Karl H and Brown, Charles G},
	journal={Chest},
	volume={111},
	number={3},
	pages={584--589},
	year={1997},
	publisher={Elsevier}
}

@misc{nisignalamplitude,
	author = {National Instruments},
	title = {Biomedical Engineering Education Portal},
	year = 2016,
	month = 3, 
	day = 29,
	howpublished = {\url{http://www.ni.com/white-paper/5593/en/}}, 
	note = {Accessed: 2016-9-13}
}

@article{gubbi2013internet,
	title={Internet of Things (IoT): A vision, architectural elements, and future directions},
	author={Gubbi, Jayavardhana and Buyya, Rajkumar and Marusic, Slaven and Palaniswami, Marimuthu},
	journal={Future Generation Computer Systems},
	volume={29},
	number={7},
	pages={1645--1660},
	year={2013},
	publisher={Elsevier}
}

@misc{ad8232sfschematic,
	author = {Casey Kuhns SparkFun Electronics},
	title = {AD8232\_Heart\_Rate\_Monitor\_v10},
	year = 2014,
	month = 7, 
	day = 15,
	howpublished = {\url{https://cdn.sparkfun.com/datasheets/Sensors/Biometric/AD8232\_Heart\_Rate\_Monitor\_v10.pdf}}, 
	note = {Accessed: 2016-9-14}
}

@book{atlee2006complications,
	title={Complications in anesthesia},
	author={Atlee, John L},
	year={2006},
	publisher={Elsevier Health Sciences}
}

@misc{linuxadvantagedisadvantage,
	author = {Jennifer Marsh StorageCraft Technology Corporation},
	title = {Linux: Advantages and Disadvantages of Open-Source Technology},
	year = 2016,
	month = 9, 
	day = 13,
	howpublished = {\url{http://www.storagecraft.com/blog/linux-advantages-disadvantages-open-source-technology/}}, 
	note = {Accessed: 2016-9-15}
}

@misc{linuxwindows,
	author = {Ubuntu-Team-Member DeviantArt},
	title = {8 Advantages of using Linux over Windows},
	year = 2012,
	month = 3, 
	day = 22,
	howpublished = {\url{http://ubuntu-artists.deviantart.com/journal/8-Advantages-of-using-Linux-over-Windows-291681914}}, 
	note = {Accessed: 2016-9-15}
}

@misc{rpi3mb,
	author = {RASPBERRY PI FOUNDATION},
	title = {Raspberry Pi 3 Model B},
	howpublished = {\url{https://www.raspberrypi.org/products/raspberry-pi-3-model-b/}}, 
	note = {Accessed: 2016-9-24}
}

@misc{rpitightvncserver,
	author = {RASPBERRY PI FOUNDATION},
	title = {VNC (Virtual Network Computing)},
	howpublished = {\url{https://www.raspberrypi.org/documentation/remote-access/vnc/}}, 
	note = {Accessed: 2016-9-25}
}

@misc{windowstightvnc,
	author = {TightVNC Software},
	title = {TightVNC: VNC-Compatible Free Remote Control / Remote Desktop Software},
	howpublished = {\url{http://www.tightvnc.com/}}, 
	note = {Accessed: 2016-9-25}
}

@misc{arduino,
	author = {Arduino},
	title = {Arduino},
	howpublished = {\url{https://www.arduino.cc/}}, 
	note = {Accessed: 2016-9-25}
}

@misc{matplotlib,
	author = {John Hunter, Darren Dale, Eric Firing, Michael Droettboom and the matplotlib development team},
	title = {matplotlib},
	howpublished = {\url{http://matplotlib.org/}}, 
	note = {Accessed: 2016-9-25}
}

@misc{processing221,
	author = {Ben Fry, Casey Reas},
	title = {Processing},
	howpublished = {\url{https://processing.org/download/?processing}}, 
	note = {Accessed: 2016-9-25}
}

@misc{java7,
	author = {Oracle},
	title = {Java},
	howpublished = {\url{https://www.java.com/en/}}, 
	note = {Accessed: 2016-9-25}
}

@misc{rpi3hardware,
	author = {RASPBERRY PI FOUNDATION},
	title = {Raspberry Pi Hardware},
	howpublished = {\url{https://www.raspberrypi.org/documentation/hardware/raspberrypi/}}, 
	note = {Accessed: 2016-9-26}
}

@misc{rpi3raspbian,
	author = {RASPBERRY PI FOUNDATION},
	title = {Raspbian},
	howpublished = {\url{https://www.raspberrypi.org/documentation/raspbian/}}, 
	note = {Accessed: 2016-9-26}
}

@misc{rpi3faqs,
	author = {RASPBERRY PI FOUNDATION},
	title = {FAQS},
	howpublished = {\url{https://www.raspberrypi.org/help/faqs}}, 
	note = {Accessed: 2016-9-26}
}

@misc{rpi3noobs,
	author = {RASPBERRY PI FOUNDATION},
	title = {NOOBS},
	howpublished = {\url{https://www.raspberrypi.org/downloads/noobs/}}, 
	note = {Accessed: 2016-9-26}
}

@misc{rpi3pic,
	author = {RASPBERRY PI FOUNDATION},
	title = {Raspberry Pi Weekly},
	howpublished = {\url{https://www.raspberrypi.org/weekly/connected/}}, 
	note = {Accessed: 2016-9-26}
}

@misc{ecgsimulation,
	author = {PhysioNet},
	title = {ECG Waveform Generator for Matlab/Octave},
		year = 2016,
		month = 6, 
		day = 15,
	howpublished = {\url{https://www.physionet.org/physiotools/matlab/ECGwaveGen/}}, 
	note = {Accessed: 2016-9-26}
}

@misc{thermistor,
	author = {Electrocomponents PLC},
	title = {NTC Thermistors},
	howpublished = {\url{http://docs-europe.electrocomponents.com/webdocs/14c2/0900766b814c2f5a.pdf}}, 
	note = {Accessed: 2016-9-26}
}

